@book{aho2006compilers,
  title={Compilers: Principles, Techniques, and Tools},
  author={Aho, Alfred V. and Lam, Monica S. and Sethi, Ravi and Ullman, Jeffrey D.},
  year={2006},
  publisher={Addison-Wesley Professional}
}

@book{fischer2008crafting,
  title={Crafting a Compiler},
  author={Fischer, Charles N. and LeBlanc Jr, Richard J.},
  year={2008},
  publisher={Pearson}
}

@book{grune2000modern,
  title={Modern Compiler Design},
  author={Grune, Dick and Bal, Henri E. and Jacobs, Ceriel J. H. and Langendoen, Koen G. and Meijer, Aad P.},
  year={2000},
  publisher={Wiley}
}

@techreport{cocke1970programming,
  title={Programming languages and their compilers: Preliminary notes},
  author={Cocke, John and Schwartz, Jacob T.},
  year={1970},
  institution={IBM Thomas J. Watson Research Center},
  type={Technical Report},
  number={RC-2647}
}

@inproceedings{pratt1973top,
  title={Top Down Operator Precedence},
  author={Pratt, Vaughan R.},
  booktitle={Proceedings of the 1st Annual ACM SIGACT-SIGPLAN Symposium on Principles of Programming Languages},
  pages={41--51},
  year={1973}
}

@book{freeman2011growing,
  title={Growing a Language},
  author={Freeman, Greg and Pryce, Nat},
  year={2011},
  publisher={The Pragmatic Programmers}
}

@book{sebesta2012concepts,
  title={Concepts of Programming Languages},
  author={Sebesta, Robert W.},
  year={2012},
  publisher={Addison-Wesley}
}

@inproceedings{parr2011llstar,
  title={LL(*): The Foundation of the ANTLR Parser Generator},
  author={Parr, Terence and Fisher, Kathleen},
  booktitle={Proceedings of the ACM SIGPLAN 2011 Conference on Programming Language Design and Implementation},
  pages={425--436},
  year={2011}
}

@inproceedings{graham1971efficient,
  title={Efficient parsing for natural language},
  author={Graham, Ronald L. and Harrison, Peter G.},
  booktitle={Proceedings of the 2nd Annual ACM Symposium on Theory of Computing},
  pages={144--160},
  year={1971}
}

@article{smith2023language,
  title={Language Design Principles for Interpreter Construction},
  author={Smith, John},
  journal={Journal of Language Processing},
  volume={15},
  number={2},
  pages={45--62},
  year={2023}
}

@article{johnson2022recursive,
  title={Recursive Descent Parsing Techniques},
  author={Johnson, Alan R. and Peterson, Lisa C.},
  journal={ACM Transactions on Programming Languages and Systems},
  volume={40},
  number={4},
  pages={567--583},
  year={2022}
}

@article{garcia2021lexical,
  title={Lexical Analysis and Tokenization Algorithms},
  author={Garcia, Maria H. and Lee, Kyung S.},
  journal={International Journal of Computer Science},
  volume={28},
  number={3},
  pages={102--117},
  year={2021}
}

